@string{ann = {Annals of Physics}}

@string{ijmp = {Int. J. Mod. Phys. B}}

@string{jphys1 = {J. Phys. Soc. Japan}}

@string{jphys2 = {J. Physique}}

@string{jphysa = {J. Phys. A}}

@string{jphysb = {J. Phys. B}}

@string{jphysc = {J. Phys. C}}

@string{lowtemp = {J. Low. Temp. Phys.}}

@string{mpl = {Mod. Phys. Lett. B}}

@string{nat = {Nature}}

@string{np = {Nucl. Phys. B}}

@string{physf = {Phys. Fluids}}

@string{physr = {Phys. Rep.}}

@string{physs = {Phys. Scripta}}

@string{physt = {Phys. Today}}

@string{pla = {Phys. Lett. A}}

@string{plb = {Phys. Lett. B}}

@string{pr = {Phys. Rev.}}

@string{pra = {Phys. Rev. A}}

@string{prb = {Phys. Rev. B}}

@string{prc = {Phys. Rev. C}}

@string{prd = {Phys. Rev. D}}

@string{prl = {Phys. Rev. Lett.}}

@string{prog = {Prog. Theor. Phys.}}

@string{rmp = {Rev. Mod. Phys.}}

@string{scn = {Science}}

@string{zphy = {Z. Phys.}}

@article{Hung:2011xb,
      author         = "Hung, Ling-Yan and Myers, Robert C. and Smolkin, Michael",
      title          = "{On Holographic Entanglement Entropy and Higher Curvature
                        Gravity}",
      journal        = "JHEP",
      volume         = "04",
      year           = "2011",
      pages          = "025",
      doi            = "10.1007/JHEP04(2011)025",
      eprint         = "1101.5813",
      archivePrefix  = "arXiv",
      primaryClass   = "hep-th",
      SLACcitation   = "%%CITATION = ARXIV:1101.5813;%%"
}


@article{Faulkner:2013ana,
      author         = "Faulkner, Thomas and Lewkowycz, Aitor and Maldacena,
                        Juan",
      title          = "{Quantum corrections to holographic entanglement
                        entropy}",
      journal        = "JHEP",
      volume         = "11",
      year           = "2013",
      pages          = "074",
      doi            = "10.1007/JHEP11(2013)074",
      eprint         = "1307.2892",
      archivePrefix  = "arXiv",
      primaryClass   = "hep-th",
      SLACcitation   = "%%CITATION = ARXIV:1307.2892;%%"
}

@article{Dong:2013qoa,
      author         = "Dong, Xi",
      title          = "{Holographic Entanglement Entropy for General Higher
                        Derivative Gravity}",
      journal        = "JHEP",
      volume         = "01",
      year           = "2014",
      pages          = "044",
      doi            = "10.1007/JHEP01(2014)044",
      eprint         = "1310.5713",
      archivePrefix  = "arXiv",
      primaryClass   = "hep-th",
      reportNumber   = "SU-ITP-13-21",
      SLACcitation   = "%%CITATION = ARXIV:1310.5713;%%"
}


@article{Camps:2013zua,
      author         = "Camps, Joan",
      title          = "{Generalized entropy and higher derivative Gravity}",
      journal        = "JHEP",
      volume         = "03",
      year           = "2014",
      pages          = "070",
      doi            = "10.1007/JHEP03(2014)070",
      eprint         = "1310.6659",
      archivePrefix  = "arXiv",
      primaryClass   = "hep-th",
      SLACcitation   = "%%CITATION = ARXIV:1310.6659;%%"
}


@article{Casini:2008wt,
      author         = "Casini, H. and Huerta, M.",
      title          = "{Remarks on the entanglement entropy for disconnected
                        regions}",
      journal        = "JHEP",
      volume         = "03",
      year           = "2009",
      pages          = "048",
      doi            = "10.1088/1126-6708/2009/03/048",
      eprint         = "0812.1773",
      archivePrefix  = "arXiv",
      primaryClass   = "hep-th",
      SLACcitation   = "%%CITATION = ARXIV:0812.1773;%%"
}


@article{borchers1993symmetry,
  title={Symmetry Groups of C-algebras and Associated von Neumann Algebras},
  author={Borchers, HJ},
  journal={Dynamics of Complex and Irregular Systems},
  pages={12--21},
  year={1993}
}

@article{borchers1993modular,
  title={On modular inclusion and spectrum condition},
  author={Borchers, HJ},
  journal={letters in mathematical physics},
  volume={27},
  number={4},
  pages={311--324},
  year={1993},
  publisher={Springer}
}




@article{Cardy:1988cwa,
      author         = "Cardy, John L.",
      title          = "{Is There a c Theorem in Four-Dimensions?}",
      journal        = "Phys. Lett.",
      volume         = "B215",
      year           = "1988",
      pages          = "749-752",
      doi            = "10.1016/0370-2693(88)90054-8",
      SLACcitation   = "%%CITATION = PHLTA,B215,749;%%"
}


@article{Giombi:2014xxa,
      author         = "Giombi, Simone and Klebanov, Igor R.",
      title          = "{Interpolating between $a$ and $F$}",
      journal        = "JHEP",
      volume         = "03",
      year           = "2015",
      pages          = "117",
      doi            = "10.1007/JHEP03(2015)117",
      eprint         = "1409.1937",
      archivePrefix  = "arXiv",
      primaryClass   = "hep-th",
      reportNumber   = "PUPT-2472",
      SLACcitation   = "%%CITATION = ARXIV:1409.1937;%%"
}




@article{Cardy:2016fqc,
      author         = "Cardy, John and Tonni, Erik",
      title          = "{Entanglement hamiltonians in two-dimensional conformal
                        field theory}",
      journal        = "J. Stat. Mech.",
      volume         = "1612",
      year           = "2016",
      number         = "12",
      pages          = "123103",
      doi            = "10.1088/1742-5468/2016/12/123103",
      eprint         = "1608.01283",
      archivePrefix  = "arXiv",
      primaryClass   = "cond-mat.stat-mech",
      SLACcitation   = "%%CITATION = ARXIV:1608.01283;%%"
}


@book{Haag:1992hx,
      author         = "Haag, R.",
      title          = "{Local quantum physics: Fields, particles, algebras}",
      journal        = "Berlin, Germany: Springer (1992) 356 p. (Texts and
                        monographs in physics)",
      year           = "1992",
      SLACcitation   = "%%CITATION = INSPIRE-338216;%%"
}

@article{Wong:2013gua,
      author         = "Wong, Gabriel and Klich, Israel and Pando Zayas, Leopoldo
                        A. and Vaman, Diana",
      title          = "{Entanglement Temperature and Entanglement Entropy of
                        Excited States}",
      journal        = "JHEP",
      volume         = "12",
      year           = "2013",
      pages          = "020",
      doi            = "10.1007/JHEP12(2013)020",
      eprint         = "1305.3291",
      archivePrefix  = "arXiv",
      primaryClass   = "hep-th",
      SLACcitation   = "%%CITATION = ARXIV:1305.3291;%%"
}


@article{Casini:2004bw,
      author         = "Casini, H. and Huerta, M.",
      title          = "{A Finite entanglement entropy and the c-theorem}",
      journal        = "Phys. Lett.",
      volume         = "B600",
      year           = "2004",
      pages          = "142-150",
      doi            = "10.1016/j.physletb.2004.08.072",
      eprint         = "hep-th/0405111",
      archivePrefix  = "arXiv",
      primaryClass   = "hep-th",
      SLACcitation   = "%%CITATION = HEP-TH/0405111;%%"
}

@article{Casini:2012ei,
      author         = "Casini, H. and Huerta, Marina",
      title          = "{On the RG running of the entanglement entropy of a
                        circle}",
      journal        = "Phys. Rev.",
      volume         = "D85",
      year           = "2012",
      pages          = "125016",
      doi            = "10.1103/PhysRevD.85.125016",
      eprint         = "1202.5650",
      archivePrefix  = "arXiv",
      primaryClass   = "hep-th",
      SLACcitation   = "%%CITATION = ARXIV:1202.5650;%%"
}


@article{Casini:2015woa,
      author         = "Casini, Horacio and Huerta, Marina and, Robert C.
                        and Yale, Alexandre",
      title          = "{Mutual information and the F-theorem}",
      journal        = "JHEP",
      volume         = "10",
      year           = "2015",
      pages          = "003",
      doi            = "10.1007/JHEP10(2015)003",
      eprint         = "1506.06195",
      archivePrefix  = "arXiv",
      primaryClass   = "hep-th",
      SLACcitation   = "%%CITATION = ARXIV:1506.06195;%%"
}

@article{Zamolodchikov:1986gt,
      author         = "Zamolodchikov, A. B.",
      title          = "{Irreversibility of the Flux of the Renormalization Group
                        in a 2D Field Theory}",
      journal        = "JETP Lett.",
      volume         = "43",
      year           = "1986",
      pages          = "730-732",
      note           = "[Pisma Zh. Eksp. Teor. Fiz.43,565(1986)]",
      SLACcitation   = "%%CITATION = JTPLA,43,730;%%"
}

@article{Jafferis:2011zi,
      author         = "Jafferis, Daniel L. and Klebanov, Igor R. and Pufu,
                        Silviu S. and Safdi, Benjamin R.",
      title          = "{Towards the F-Theorem: N=2 Field Theories on the
                        Three-Sphere}",
      journal        = "JHEP",
      volume         = "06",
      year           = "2011",
      pages          = "102",
      doi            = "10.1007/JHEP06(2011)102",
      eprint         = "1103.1181",
      archivePrefix  = "arXiv",
      primaryClass   = "hep-th",
      reportNumber   = "PUPT-2366",
      SLACcitation   = "%%CITATION = ARXIV:1103.1181;%%"
}

@article{Myers:2010xs,
      author         = "Myers, Robert C. and Sinha, Aninda",
      title          = "{Seeing a c-theorem with holography}",
      journal        = "Phys. Rev.",
      volume         = "D82",
      year           = "2010",
      pages          = "046006",
      doi            = "10.1103/PhysRevD.82.046006",
      eprint         = "1006.1263",
      archivePrefix  = "arXiv",
      primaryClass   = "hep-th",
      SLACcitation   = "%%CITATION = ARXIV:1006.1263;%%"
}

@article{Liu:2012eea,
      author         = "Liu, Hong and Mezei, Mark",
      title          = "{A Refinement of entanglement entropy and the number of
                        degrees of freedom}",
      journal        = "JHEP",
      volume         = "04",
      year           = "2013",
      pages          = "162",
      doi            = "10.1007/JHEP04(2013)162",
      eprint         = "1202.2070",
      archivePrefix  = "arXiv",
      primaryClass   = "hep-th",
      reportNumber   = "MIT-CTP-4336",
      SLACcitation   = "%%CITATION = ARXIV:1202.2070;%%"
}

@article{Vidal:2007hda,
      author         = "Vidal, G.",
      title          = "{Entanglement Renormalization}",
      journal        = "Phys. Rev. Lett.",
      volume         = "99",
      year           = "2007",
      number         = "22",
      pages          = "220405",
      doi            = "10.1103/PhysRevLett.99.220405",
      eprint         = "cond-mat/0512165",
      archivePrefix  = "arXiv",
      primaryClass   = "cond-mat",
      SLACcitation   = "%%CITATION = COND-MAT/0512165;%%"
}

@article{Swingle:2009bg,
      author         = "Swingle, Brian",
      title          = "{Entanglement Renormalization and Holography}",
      journal        = "Phys. Rev.",
      volume         = "D86",
      year           = "2012",
      pages          = "065007",
      doi            = "10.1103/PhysRevD.86.065007",
      eprint         = "0905.1317",
      archivePrefix  = "arXiv",
      primaryClass   = "cond-mat.str-el",
      SLACcitation   = "%%CITATION = ARXIV:0905.1317;%%"
}

@ARTICLE{Vedral,
   author = {{Vedral}, V.},
    title = "{The role of relative entropy in quantum information theory}",
  journal = {Reviews of Modern Physics},
   eprint = {quant-ph/0102094},
 keywords = {Quantum computation, Telecommunications: signal transmission and processing, communication satellites, Quantum communication},
     year = 2002,
    month = jan,
   volume = 74,
    pages = {197-234},
      doi = {10.1103/RevModPhys.74.197},
   adsurl = {http://adsabs.harvard.edu/abs/2002RvMP...74..197V},
  adsnote = {Provided by the SAO/NASA Astrophysics Data System}
}

@article{Balasubramanian:2014bfa,
      author         = "Balasubramanian, Vijay and Heckman, Jonathan J. and
                        Maloney, Alexander",
      title          = "{Relative Entropy and Proximity of Quantum Field
                        Theories}",
      journal        = "JHEP",
      volume         = "05",
      year           = "2015",
      pages          = "104",
      doi            = "10.1007/JHEP05(2015)104",
      eprint         = "1410.6809",
      archivePrefix  = "arXiv",
      primaryClass   = "hep-th",
      SLACcitation   = "%%CITATION = ARXIV:1410.6809;%%"
}

@inproceedings{Gaite:1996vk,
      author         = "Gaite, Jose C.",
      title          = "{Relative entropy in field theory, the H theorem and the
                        renormalization group}",
      booktitle      = "{3rd International Conference on Renormalization Group
                        (RG 96) Dubna, Russia, August 26-31, 1996}",
      year           = "1996",
      eprint         = "hep-th/9610040",
      archivePrefix  = "arXiv",
      primaryClass   = "hep-th",
      SLACcitation   = "%%CITATION = HEP-TH/9610040;%%"
}

@article{Casini:2016fgb,
      author         = "Casini, Horacio and Landea, Ignacio Salazar and Torroba,
                        Gonzalo",
      title          = "{The g-theorem and quantum information theory}",
      journal        = "JHEP",
      volume         = "10",
      year           = "2016",
      pages          = "140",
      doi            = "10.1007/JHEP10(2016)140",
      eprint         = "1607.00390",
      archivePrefix  = "arXiv",
      primaryClass   = "hep-th",
      SLACcitation   = "%%CITATION = ARXIV:1607.00390;%%"
}

@article{Casini:2016udt,
      author         = "Casini, Horacio and Teste, Eduardo and Torroba, Gonzalo",
      title          = "{Relative entropy and the RG flow}",
      journal        = "JHEP",
      volume         = "03",
      year           = "2017",
      pages          = "089",
      doi            = "10.1007/JHEP03(2017)089",
      eprint         = "1611.00016",
      archivePrefix  = "arXiv",
      primaryClass   = "hep-th",
      SLACcitation   = "%%CITATION = ARXIV:1611.00016;%%"
}

@article{Adler:1982ri,
      author         = "Adler, Stephen L.",
      title          = "{Einstein Gravity as a Symmetry Breaking Effect in
                        Quantum Field Theory}",
      journal        = "Rev. Mod. Phys.",
      volume         = "54",
      year           = "1982",
      pages          = "729",
      doi            = "10.1103/RevModPhys.54.729",
      note           = "[Erratum: Rev. Mod. Phys.55,837(1983)]",
      reportNumber   = "PRINT-81-0725-REV. (IAS,-PRINCETON), PRINT-81-0725
                        (IAS,-PRINCETON)",
      SLACcitation   = "%%CITATION = RMPHA,54,729;%%"
}

@article{Zee:1980sj,
      author         = "Zee, A.",
      title          = "{Spontaneously Generated Gravity}",
      journal        = "Phys. Rev.",
      volume         = "D23",
      year           = "1981",
      pages          = "858",
      doi            = "10.1103/PhysRevD.23.858",
      reportNumber   = "UPR-0154T",
      SLACcitation   = "%%CITATION = PHRVA,D23,858;%%"
}

@article{Casini:2014yca,
      author         = "Casini, Horacio and Mazzitelli, F. D. and Teste,
                        Eduardo",
      title          = "{Area terms in entanglement entropy}",
      journal        = "Phys. Rev.",
      volume         = "D91",
      year           = "2015",
      number         = "10",
      pages          = "104035",
      doi            = "10.1103/PhysRevD.91.104035",
      eprint         = "1412.6522",
      archivePrefix  = "arXiv",
      primaryClass   = "hep-th",
      SLACcitation   = "%%CITATION = ARXIV:1412.6522;%%"
}

@article{Casini:2015ffa,
      author         = "Casini, Horacio and Teste, Eduardo and Torroba, Gonzalo",
      title          = "{Holographic RG flows, entanglement entropy and the sum
                        rule}",
      journal        = "JHEP",
      volume         = "03",
      year           = "2016",
      pages          = "033",
      doi            = "10.1007/JHEP03(2016)033",
      eprint         = "1510.02103",
      archivePrefix  = "arXiv",
      primaryClass   = "hep-th",
      SLACcitation   = "%%CITATION = ARXIV:1510.02103;%%"
}

@book{petz2007quantum,
  title={Quantum information theory and quantum statistics},
  author={Petz, D{\'e}nes},
  year={2007},
  publisher={Springer Science \& Business Media}
}

@article{Rosenhaus:2014ula,
      author         = "Rosenhaus, Vladimir and Smolkin, Michael",
      title          = "{Entanglement entropy, planar surfaces, and spectral
                        functions}",
      journal        = "JHEP",
      volume         = "09",
      year           = "2014",
      pages          = "119",
      doi            = "10.1007/JHEP09(2014)119",
      eprint         = "1407.2891",
      archivePrefix  = "arXiv",
      primaryClass   = "hep-th",
      SLACcitation   = "%%CITATION = ARXIV:1407.2891;%%"
}


@article{Rosenhaus:2014zza,
      author         = "Rosenhaus, Vladimir and Smolkin, Michael",
      title          = "{Entanglement Entropy for Relevant and Geometric
                        Perturbations}",
      journal        = "JHEP",
      volume         = "02",
      year           = "2015",
      pages          = "015",
      doi            = "10.1007/JHEP02(2015)015",
      eprint         = "1410.6530",
      archivePrefix  = "arXiv",
      primaryClass   = "hep-th",
      SLACcitation   = "%%CITATION = ARXIV:1410.6530;%%"
}

@article{Blanco:2013joa,
      author         = "Blanco, David D. and Casini, Horacio and Hung, Ling-Yan
                        and Myers, Robert C.",
      title          = "{Relative Entropy and Holography}",
      journal        = "JHEP",
      volume         = "08",
      year           = "2013",
      pages          = "060",
      doi            = "10.1007/JHEP08(2013)060",
      eprint         = "1305.3182",
      archivePrefix  = "arXiv",
      primaryClass   = "hep-th",
      SLACcitation   = "%%CITATION = ARXIV:1305.3182;%%"
}

@article{Cappelli:1990yc,
      author         = "Cappelli, Andrea and Friedan, Daniel and Latorre, Jose
                        I.",
      title          = "{C theorem and spectral representation}",
      journal        = "Nucl. Phys.",
      volume         = "B352",
      year           = "1991",
      pages          = "616-670",
      doi            = "10.1016/0550-3213(91)90102-4",
      reportNumber   = "RU-90-43, UB-ECM-PF-11-90",
      SLACcitation   = "%%CITATION = NUPHA,B352,616;%%"
}

@article{Lee:2014zaa,
      author         = "Lee, Jeongseog and Lewkowycz, Aitor and Perlmutter, Eric
                        and Safdi, Benjamin R.",
      title          = "{Rényi entropy, stationarity, and entanglement of the
                        conformal scalar}",
      journal        = "JHEP",
      volume         = "03",
      year           = "2015",
      pages          = "075",
      doi            = "10.1007/JHEP03(2015)075",
      eprint         = "1407.7816",
      archivePrefix  = "arXiv",
      primaryClass   = "hep-th",
      SLACcitation   = "%%CITATION = ARXIV:1407.7816;%%"
}

@article{Lewkowycz:2014jia,
      author         = "Lewkowycz, Aitor and Perlmutter, Eric",
      title          = "{Universality in the geometric dependence of Renyi
                        entropy}",
      journal        = "JHEP",
      volume         = "01",
      year           = "2015",
      pages          = "080",
      doi            = "10.1007/JHEP01(2015)080",
      eprint         = "1407.8171",
      archivePrefix  = "arXiv",
      primaryClass   = "hep-th",
      SLACcitation   = "%%CITATION = ARXIV:1407.8171;%%"
}

@article{Herzog:2014fra,
      author         = "Herzog, Christopher P.",
      title          = "{Universal Thermal Corrections to Entanglement Entropy
                        for Conformal Field Theories on Spheres}",
      journal        = "JHEP",
      volume         = "10",
      year           = "2014",
      pages          = "28",
      doi            = "10.1007/JHEP10(2014)028",
      eprint         = "1407.1358",
      archivePrefix  = "arXiv",
      primaryClass   = "hep-th",
      SLACcitation   = "%%CITATION = ARXIV:1407.1358;%%"
}

@article{Hung:2011ta,
      author         = "Hung, Ling-Yan and Myers, Robert C. and Smolkin, Michael",
      title          = "{Some Calculable Contributions to Holographic
                        Entanglement Entropy}",
      journal        = "JHEP",
      volume         = "08",
      year           = "2011",
      pages          = "039",
      doi            = "10.1007/JHEP08(2011)039",
      eprint         = "1105.6055",
      archivePrefix  = "arXiv",
      primaryClass   = "hep-th",
      SLACcitation   = "%%CITATION = ARXIV:1105.6055;%%"
}

@article{Lewkowycz:2012qr,
      author         = "Lewkowycz, Aitor and Myers, Robert C. and Smolkin,
                        Michael",
      title          = "{Observations on entanglement entropy in massive QFT's}",
      journal        = "JHEP",
      volume         = "04",
      year           = "2013",
      pages          = "017",
      doi            = "10.1007/JHEP04(2013)017",
      eprint         = "1210.6858",
      archivePrefix  = "arXiv",
      primaryClass   = "hep-th",
      SLACcitation   = "%%CITATION = ARXIV:1210.6858;%%"
}

@article{Liu:2013una,
      author         = "Liu, Hong and Mezei, Márk",
      title          = "{Probing renormalization group flows using entanglement
                        entropy}",
      journal        = "JHEP",
      volume         = "01",
      year           = "2014",
      pages          = "098",
      doi            = "10.1007/JHEP01(2014)098",
      eprint         = "1309.6935",
      archivePrefix  = "arXiv",
      primaryClass   = "hep-th",
      reportNumber   = "MIT-CTP-4500",
      SLACcitation   = "%%CITATION = ARXIV:1309.6935;%%"
}

@article{Hislop:1981uh,
      author         = "Hislop, Peter D. and Longo, Roberto",
      title          = "{Modular Structure of the Local Algebras Associated With
                        the Free Massless Scalar Field Theory}",
      journal        = "Commun. Math. Phys.",
      volume         = "84",
      year           = "1982",
      pages          = "71",
      doi            = "10.1007/BF01208372",
      reportNumber   = "UCB-PTH-81/4",
      SLACcitation   = "%%CITATION = CMPHA,84,71;%%"
}


@article{Casini:2011kv,
      author         = "Casini, Horacio and Huerta, Marina and Myers, Robert C.",
      title          = "{Towards a derivation of holographic entanglement
                        entropy}",
      journal        = "JHEP",
      volume         = "05",
      year           = "2011",
      pages          = "036",
      doi            = "10.1007/JHEP05(2011)036",
      eprint         = "1102.0440",
      archivePrefix  = "arXiv",
      primaryClass   = "hep-th",
      SLACcitation   = "%%CITATION = ARXIV:1102.0440;%%"
}

@article{Hertzberg:2010uv,
      author         = "Hertzberg, Mark P. and Wilczek, Frank",
      title          = "{Some Calculable Contributions to Entanglement Entropy}",
      journal        = "Phys. Rev. Lett.",
      volume         = "106",
      year           = "2011",
      pages          = "050404",
      doi            = "10.1103/PhysRevLett.106.050404",
      eprint         = "1007.0993",
      archivePrefix  = "arXiv",
      primaryClass   = "hep-th",
      reportNumber   = "MIT-CTP-4110",
      SLACcitation   = "%%CITATION = ARXIV:1007.0993;%%"
}


@article{LIEB1973267,
title = "Convex trace functions and the Wigner-Yanase-Dyson conjecture",
journal = "Advances in Mathematics",
volume = "11",
number = "3",
pages = "267 - 288",
year = "1973",
note = "",
issn = "0001-8708",
doi = "http://dx.doi.org/10.1016/0001-8708(73)90011-X",
url = "http://www.sciencedirect.com/science/article/pii/000187087390011X",
author = "Elliott H Lieb",

}


@article{Dong:2016hjy,
      author         = "Dong, Xi and Lewkowycz, Aitor and Rangamani, Mukund",
      title          = "{Deriving covariant holographic entanglement}",
      journal        = "JHEP",
      volume         = "11",
      year           = "2016",
      pages          = "028",
      doi            = "10.1007/JHEP11(2016)028",
      eprint         = "1607.07506",
      archivePrefix  = "arXiv",
      primaryClass   = "hep-th",
      SLACcitation   = "%%CITATION = ARXIV:1607.07506;%%"
}


@article{petz1988sufficiency,
  title={Sufficiency of channels over von Neumann algebras},
  author={Petz, D{\'e}nes},
  journal={Quarterly Journal of Mathematics},
  volume={39},
  number={1},
  pages={97--108},
  year={1988}

  }

@article{Dong:2016fnf,
      author         = "Dong, Xi",
      title          = "{The Gravity Dual of Renyi Entropy}",
      journal        = "Nature Commun.",
      volume         = "7",
      year           = "2016",
      pages          = "12472",
      doi            = "10.1038/ncomms12472",
      eprint         = "1601.06788",
      archivePrefix  = "arXiv",
      primaryClass   = "hep-th",
      reportNumber   = "SU-ITP-16-01",
      SLACcitation   = "%%CITATION = ARXIV:1601.06788;%%"
}

@article{Bousso:2014uxa,
      author         = "Bousso, Raphael and Casini, Horacio and Fisher, Zachary
                        and Maldacena, Juan",
      title          = "{Entropy on a null surface for interacting quantum field
                        theories and the Bousso bound}",
      journal        = "Phys. Rev.",
      volume         = "D91",
      year           = "2015",
      number         = "8",
      pages          = "084030",
      doi            = "10.1103/PhysRevD.91.084030",
      eprint         = "1406.4545",
      archivePrefix  = "arXiv",
      primaryClass   = "hep-th",
      SLACcitation   = "%%CITATION = ARXIV:1406.4545;%%"
}

@article{Wall:2011hj,
      author         = "Wall, Aron C.",
      title          = "{A proof of the generalized second law for rapidly
                        changing fields and arbitrary horizon slices}",
      journal        = "Phys. Rev.",
      volume         = "D85",
      year           = "2012",
      pages          = "104049",
      doi            = "10.1103/PhysRevD.87.069904, 10.1103/PhysRevD.85.104049",
      note           = "[Erratum: Phys. Rev.D87,no.6,069904(2013)]",
      eprint         = "1105.3445",
      archivePrefix  = "arXiv",
      primaryClass   = "gr-qc",
      SLACcitation   = "%%CITATION = ARXIV:1105.3445;%%"
}

@article{Faulkner:2016mzt,
      author         = "Faulkner, Thomas and Leigh, Robert G. and Parrikar, Onkar
                        and Wang, Huajia",
      title          = "{Modular Hamiltonians for Deformed Half-Spaces and the
                        Averaged Null Energy Condition}",
      journal        = "JHEP",
      volume         = "09",
      year           = "2016",
      pages          = "038",
      doi            = "10.1007/JHEP09(2016)038",
      eprint         = "1605.08072",
      archivePrefix  = "arXiv",
      primaryClass   = "hep-th",
      SLACcitation   = "%%CITATION = ARXIV:1605.08072;%%"
}

@article{Casini:2008cr,
      author         = "Casini, H.",
      title          = "{Relative entropy and the Bekenstein bound}",
      journal        = "Class. Quant. Grav.",
      volume         = "25",
      year           = "2008",
      pages          = "205021",
      doi            = "10.1088/0264-9381/25/20/205021",
      eprint         = "0804.2182",
      archivePrefix  = "arXiv",
      primaryClass   = "hep-th",
      SLACcitation   = "%%CITATION = ARXIV:0804.2182;%%"
}

@article{Blanco:2013lea,
      author         = "Blanco, David D. and Casini, Horacio",
      title          = "{Localization of Negative Energy and the Bekenstein
                        Bound}",
      journal        = "Phys. Rev. Lett.",
      volume         = "111",
      year           = "2013",
      number         = "22",
      pages          = "221601",
      doi            = "10.1103/PhysRevLett.111.221601",
      eprint         = "1309.1121",
      archivePrefix  = "arXiv",
      primaryClass   = "hep-th",
      SLACcitation   = "%%CITATION = ARXIV:1309.1121;%%"
}


@article{Lewkowycz:2013nqa,
      author         = "Lewkowycz, Aitor and Maldacena, Juan",
      title          = "{Generalized gravitational entropy}",
      journal        = "JHEP",
      volume         = "08",
      year           = "2013",
      pages          = "090",
      doi            = "10.1007/JHEP08(2013)090",
      eprint         = "1304.4926",
      archivePrefix  = "arXiv",
      primaryClass   = "hep-th",
      SLACcitation   = "%%CITATION = ARXIV:1304.4926;%%"
}

@article{Strominger:2017zoo,
      author         = "Strominger, Andrew",
      title          = "{Lectures on the Infrared Structure of Gravity and Gauge
                        Theory}",
      year           = "2017",
      eprint         = "1703.05448",
      archivePrefix  = "arXiv",
      primaryClass   = "hep-th",
      SLACcitation   = "%%CITATION = ARXIV:1703.05448;%%"
}


@article{Hofman:2008ar,
      author         = "Hofman, Diego M. and Maldacena, Juan",
      title          = "{Conformal collider physics: Energy and charge
                        correlations}",
      journal        = "JHEP",
      volume         = "05",
      year           = "2008",
      pages          = "012",
      doi            = "10.1088/1126-6708/2008/05/012",
      eprint         = "0803.1467",
      archivePrefix  = "arXiv",
      primaryClass   = "hep-th",
      SLACcitation   = "%%CITATION = ARXIV:0803.1467;%%"
}

@article{Bousso:2014sda,
      author         = "Bousso, Raphael and Casini, Horacio and Fisher, Zachary
                        and Maldacena, Juan",
      title          = "{Proof of a Quantum Bousso Bound}",
      journal        = "Phys. Rev.",
      volume         = "D90",
      year           = "2014",
      number         = "4",
      pages          = "044002",
      doi            = "10.1103/PhysRevD.90.044002",
      eprint         = "1404.5635",
      archivePrefix  = "arXiv",
      primaryClass   = "hep-th",
      SLACcitation   = "%%CITATION = ARXIV:1404.5635;%%"
}

@article{Arias:2016nip,
      author         = "Arias, Raul and Blanco, David and Casini, Horacio and
                        Huerta, Marina",
      title          = "{Local temperatures and local terms in modular
                        Hamiltonians}",
      journal        = "Phys. Rev.",
      volume         = "D95",
      year           = "2017",
      number         = "6",
      pages          = "065005",
      doi            = "10.1103/PhysRevD.95.065005",
      eprint         = "1611.08517",
      archivePrefix  = "arXiv",
      primaryClass   = "hep-th",
      SLACcitation   = "%%CITATION = ARXIV:1611.08517;%%"
}

@article{Bisognano:1975ih,
      author         = "Bisognano, J. J and Wichmann, E. H.",
      title          = "{On the Duality Condition for a Hermitian Scalar Field}",
      journal        = "J. Math. Phys.",
      volume         = "16",
      year           = "1975",
      pages          = "985-1007",
      doi            = "10.1063/1.522605",
      SLACcitation   = "%%CITATION = JMAPA,16,985;%%"
}


@article{Borchers.unicidad,
author = {H. J. Borchers},
title = {On revolutionizing quantum field theory with Tomita’s modular theory},
journal = {Journal of Mathematical Physics},
volume = {41},
number = {6},
pages = {3604-3673},
year = {2000},
doi = {10.1063/1.533323},

URL = { 
        http://dx.doi.org/10.1063/1.533323
    
},
eprint = { 
        http://dx.doi.org/10.1063/1.533323
    
}

}



@article{borchers1992cpt,
  title={The CPT-theorem in two-dimensional theories of local observables},
  author={Borchers, Hans-J{\"u}rgen},
  journal={Communications in Mathematical Physics},
  volume={143},
  number={2},
  pages={315--332},
  year={1992},
  publisher={Springer}
}

@article{wiesbrock1993half,
  title={Half-sided modular inclusions of von-Neumann-algebras},
  author={Wiesbrock, Hans-Werner},
  journal={Communications in Mathematical Physics},
  volume={157},
  number={1},
  pages={83--92},
  year={1993},
  publisher={Springer}
}

@article{borchers1999modular,
  title={Modular groups of quantum fields in thermal states},
  author={Borchers, Hans-J{\"u}rgen and Yngvason, J},
  journal={Journal of Mathematical Physics},
  volume={40},
  number={2},
  pages={601--624},
  year={1999},
  publisher={AIP}
}


@article{hayden2004structure,
  title={Structure of states which satisfy strong subadditivity of quantum entropy with equality},
  author={Hayden, Patrick and Jozsa, Richard and Petz, Denes and Winter, Andreas},
  journal={Communications in mathematical physics},
  volume={246},
  number={2},
  pages={359--374},
  year={2004},
  publisher={Springer}
}
  	
@article{Cardy.esferaslejanas,
  author={John Cardy},
  title={Some results on the mutual information of disjoint regions in higher dimensions},
  journal={Journal of Physics A: Mathematical and Theoretical},
  volume={46},
  number={28},
  pages={285402},
  url={http://stacks.iop.org/1751-8121/46/i=28/a=285402},
  year={2013}
}

@article{Faulkner2,
      author         = "Zhou, Tianci and Chen, Xiao and Faulkner, Thomas and
                        Fradkin, Eduardo",
      title          = "{Entanglement entropy and mutual information of circular
                        entangling surfaces in the 2  +  1-dimensional
                        quantum Lifshitz model}",
      journal        = "J. Stat. Mech.",
      volume         = "1609",
      year           = "2016",
      number         = "9",
      pages          = "093101",
      doi            = "10.1088/1742-5468/2016/09/093101",
      eprint         = "1607.01771",
      archivePrefix  = "arXiv",
      primaryClass   = "cond-mat.stat-mech",
      SLACcitation   = "%%CITATION = ARXIV:1607.01771;%%"
}

@book{wald2010general,
  title={General relativity},
  author={Wald, Robert M},
  year={2010},
  publisher={University of Chicago press}
}

@article{casini2004geometric,
  title={Geometric entropy, area and strong subadditivity},
  author={Casini, Horacio},
  journal={Classical and Quantum Gravity},
  volume={21},
  number={9},
  pages={2351},
  year={2004},
  publisher={IOP Publishing}
}

@article{Bousso:2015mna,
      author         = "Bousso, Raphael and Fisher, Zachary and Leichenauer,
                        Stefan and Wall, Aron C.",
      title          = "{Quantum focusing conjecture}",
      journal        = "Phys. Rev.",
      volume         = "D93",
      year           = "2016",
      number         = "6",
      pages          = "064044",
      doi            = "10.1103/PhysRevD.93.064044",
      eprint         = "1506.02669",
      archivePrefix  = "arXiv",
      primaryClass   = "hep-th",
      SLACcitation   = "%%CITATION = ARXIV:1506.02669;%%"
}

@article{Bousso:2015wca,
      author         = "Bousso, Raphael and Fisher, Zachary and Koeller, Jason
                        and Leichenauer, Stefan and Wall, Aron C.",
      title          = "{Proof of the Quantum Null Energy Condition}",
      journal        = "Phys. Rev.",
      volume         = "D93",
      year           = "2016",
      number         = "2",
      pages          = "024017",
      doi            = "10.1103/PhysRevD.93.024017",
      eprint         = "1509.02542",
      archivePrefix  = "arXiv",
      primaryClass   = "hep-th",
      SLACcitation   = "%%CITATION = ARXIV:1509.02542;%%"
}


@article{Koeller:2017njr,
      author         = "Koeller, Jason and Leichenauer, Stefan and Levine, Adam
                        and Shahbazi Moghaddam, Arvin",
      title          = "{Local Modular Hamiltonians from the Quantum Null Energy
                        Condition}",
      year           = "2017",
      eprint         = "1702.00412",
      archivePrefix  = "arXiv",
      primaryClass   = "hep-th",
      SLACcitation   = "%%CITATION = ARXIV:1702.00412;%%"
}

@article{Witten:1998qj,
      author         = "Witten, Edward",
      title          = "{Anti-de Sitter space and holography}",
      journal        = "Adv. Theor. Math. Phys.",
      volume         = "2",
      year           = "1998",
      pages          = "253-291",
      eprint         = "hep-th/9802150",
      archivePrefix  = "arXiv",
      primaryClass   = "hep-th",
      reportNumber   = "IASSNS-HEP-98-15",
      SLACcitation   = "%%CITATION = HEP-TH/9802150;%%"
}

@article{Weinberg:2010fx,
      author         = "Weinberg, Steven",
      title          = "{Six-dimensional Methods for Four-dimensional Conformal
                        Field Theories}",
      journal        = "Phys. Rev.",
      volume         = "D82",
      year           = "2010",
      pages          = "045031",
      doi            = "10.1103/PhysRevD.82.045031",
      eprint         = "1006.3480",
      archivePrefix  = "arXiv",
      primaryClass   = "hep-th",
      reportNumber   = "UTTG-04-10",
      SLACcitation   = "%%CITATION = ARXIV:1006.3480;%%"
}

@article{Candelas:1978gf,
      author         = "Candelas, P. and Dowker, J. S.",
      title          = "{Field theories on conformally related space-times: Some global considerations}",
      journal        = "Phys. Rev.",
      volume         = "D19",
      year           = "1979",
      pages          = "2902",
      doi            = "10.1103/PhysRevD.19.2902",
      reportNumber   = "Print-78-1168 (TEXAS)",
      SLACcitation   = "%%CITATION = PHRVA,D19,2902;%%"
}

@article{Calabrese:2009qy,
      author         = "Calabrese, Pasquale and Cardy, John",
      title          = "{Entanglement entropy and conformal field theory}",
      journal        = "J. Phys.",
      volume         = "A42",
      year           = "2009",
      pages          = "504005",
      doi            = "10.1088/1751-8113/42/50/504005",
      eprint         = "0905.4013",
      archivePrefix  = "arXiv",
      primaryClass   = "cond-mat.stat-mech",
      SLACcitation   = "%%CITATION = ARXIV:0905.4013;%%"
}

@article{Komargodski:2012ek,
      author         = "Komargodski, Zohar and Zhiboedov, Alexander",
      title          = "{Convexity and Liberation at Large Spin}",
      journal        = "JHEP",
      volume         = "11",
      year           = "2013",
      pages          = "140",
      doi            = "10.1007/JHEP11(2013)140",
      eprint         = "1212.4103",
      archivePrefix  = "arXiv",
      primaryClass   = "hep-th",
      SLACcitation   = "%%CITATION = ARXIV:1212.4103;%%"
}

@article{Casini:2017vbe,
      author         = "Casini, Horacio and Test\'e, Eduardo and Torroba, Gonzalo",
      title          = "{Markov Property of the Conformal Field Theory Vacuum and
                        the a Theorem}",
      journal        = "Phys. Rev. Lett.",
      volume         = "118",
      year           = "2017",
      number         = "26",
      pages          = "261602",
      doi            = "10.1103/PhysRevLett.118.261602",
      eprint         = "1704.01870",
      archivePrefix  = "arXiv",
      primaryClass   = "hep-th",
      SLACcitation   = "%%CITATION = ARXIV:1704.01870;%%"
}


@article{lieb1973proof,
  title={Proof of the strong subadditivity of quantum-mechanical entropy},
  author={Lieb, Elliott H and Ruskai, Mary Beth},
  journal={Journal of Mathematical Physics},
  volume={14},
  number={12},
  pages={1938--1941},
  year={1973},
  publisher={AIP}
}



@article{Jafferis:2014lza,
      author         = "Jafferis, Daniel L. and Suh, S. Josephine",
      title          = "{The Gravity Duals of Modular Hamiltonians}",
      journal        = "JHEP",
      volume         = "09",
      year           = "2016",
      pages          = "068",
      doi            = "10.1007/JHEP09(2016)068",
      eprint         = "1412.8465",
      archivePrefix  = "arXiv",
      primaryClass   = "hep-th",
      reportNumber   = "MIT-CTP-4611",
      SLACcitation   = "%%CITATION = ARXIV:1412.8465;%%"
}

@article{Lashkari:2015dia,
      author         = "Lashkari, Nima",
      title          = "{Modular Hamiltonian for Excited States in Conformal
                        Field Theory}",
      journal        = "Phys. Rev. Lett.",
      volume         = "117",
      year           = "2016",
      number         = "4",
      pages          = "041601",
      doi            = "10.1103/PhysRevLett.117.041601",
      eprint         = "1508.03506",
      archivePrefix  = "arXiv",
      primaryClass   = "hep-th",
      SLACcitation   = "%%CITATION = ARXIV:1508.03506;%%"
}

@article{Jafferis:2015del,
      author         = "Jafferis, Daniel L. and Lewkowycz, Aitor and Maldacena,
                        Juan and Suh, S. Josephine",
      title          = "{Relative entropy equals bulk relative entropy}",
      journal        = "JHEP",
      volume         = "06",
      year           = "2016",
      pages          = "004",
      doi            = "10.1007/JHEP06(2016)004",
      eprint         = "1512.06431",
      archivePrefix  = "arXiv",
      primaryClass   = "hep-th",
      reportNumber   = "NSF-KITP-15-162",
      SLACcitation   = "%%CITATION = ARXIV:1512.06431;%%"
}

@article{Sarosi:2016oks,
      author         = "Sarosi, Gábor and Ugajin, Tomonori",
      title          = "{Relative entropy of excited states in two dimensional
                        conformal field theories}",
      journal        = "JHEP",
      volume         = "07",
      year           = "2016",
      pages          = "114",
      doi            = "10.1007/JHEP07(2016)114",
      eprint         = "1603.03057",
      archivePrefix  = "arXiv",
      primaryClass   = "hep-th",
      SLACcitation   = "%%CITATION = ARXIV:1603.03057;%%"
}

@article{Faulkner:2015csl,
      author         = "Faulkner, Thomas and Leigh, Robert G. and Parrikar,
                        Onkar",
      title          = "{Shape Dependence of Entanglement Entropy in Conformal
                        Field Theories}",
      journal        = "JHEP",
      volume         = "04",
      year           = "2016",
      pages          = "088",
      doi            = "10.1007/JHEP04(2016)088",
      eprint         = "1511.05179",
      archivePrefix  = "arXiv",
      primaryClass   = "hep-th",
      SLACcitation   = "%%CITATION = ARXIV:1511.05179;%%"
}

@article{Casini:2017roe,
      author         = "Casini, Horacio and Teste, Eduardo and Torroba, Gonzalo",
      title          = "{Modular Hamiltonians on the null plane and a Markov
                        property of the vacuum state}",
      year           = "2017",
      eprint         = "1703.10656",
      archivePrefix  = "arXiv",
      primaryClass   = "hep-th",
      SLACcitation   = "%%CITATION = ARXIV:1703.10656;%%"
}

@article{Metlitski:2011pr,
      author         = "Metlitski, Max A. and Grover, Tarun",
      title          = "{Entanglement Entropy of Systems with Spontaneously
                        Broken Continuous Symmetry}",
      year           = "2011",
      eprint         = "1112.5166",
      archivePrefix  = "arXiv",
      primaryClass   = "cond-mat.str-el",
      SLACcitation   = "%%CITATION = ARXIV:1112.5166;%%"
}

@article{Komargodski:2011vj,
      author         = "Komargodski, Zohar and Schwimmer, Adam",
      title          = "{On Renormalization Group Flows in Four Dimensions}",
      journal        = "JHEP",
      volume         = "12",
      year           = "2011",
      pages          = "099",
      doi            = "10.1007/JHEP12(2011)099",
      eprint         = "1107.3987",
      archivePrefix  = "arXiv",
      primaryClass   = "hep-th",
      SLACcitation   = "%%CITATION = ARXIV:1107.3987;%%"
}

@article{Solodukhin:2008dh,
      author         = "Solodukhin, Sergey N.",
      title          = "{Entanglement entropy, conformal invariance and extrinsic
                        geometry}",
      journal        = "Phys. Lett.",
      volume         = "B665",
      year           = "2008",
      pages          = "305-309",
      doi            = "10.1016/j.physletb.2008.05.071",
      eprint         = "0802.3117",
      archivePrefix  = "arXiv",
      primaryClass   = "hep-th",
      SLACcitation   = "%%CITATION = ARXIV:0802.3117;%%"
}



@article{Klebanov:2012yf,
	archiveprefix = "arXiv",
	author = "Klebanov, Igor R. and Nishioka, Tatsuma and Pufu, Silviu S. and Safdi, Benjamin R.",
	doi = "10.1007/JHEP07(2012)001",
	eprint = "1204.4160",
	journal = "JHEP",
	pages = "001",
	primaryclass = "hep-th",
	reportnumber = "PUPT-2411, MIT-CTP-4357",
	slaccitation = "%\%CITATION = ARXIV:1204.4160;\%\%",
	title = "{On Shape Dependence and RG Flow of Entanglement Entropy}",
	volume = "07",
	year = "2012"
}

@article{Huerta:2011qi,
      author         = "Huerta, Marina",
      title          = "{Numerical Determination of the Entanglement Entropy for
                        Free Fields in the Cylinder}",
      journal        = "Phys. Lett.",
      volume         = "B710",
      year           = "2012",
      pages          = "691-696",
      doi            = "10.1016/j.physletb.2012.03.044",
      eprint         = "1112.1277",
      archivePrefix  = "arXiv",
      primaryClass   = "hep-th",
      SLACcitation   = "%%CITATION = ARXIV:1112.1277;%%"
}

@article{Myers:2012vs,
	archiveprefix = "arXiv",
	author = "Myers, Robert C. and Singh, Ajay",
	doi = "10.1007/JHEP09(2012)013",
	eprint = "1206.5225",
	journal = "JHEP",
	pages = "013",
	primaryclass = "hep-th",
	slaccitation = "%\%CITATION = ARXIV:1206.5225;\%\%",
	title = "{Entanglement Entropy for Singular Surfaces}",
	volume = "09",
	year = "2012"
}

@article{Swingle:2010jz,
      author         = "Swingle, Brian",
      title          = "{Mutual information and the structure of entanglement in
                        quantum field theory}",
      year           = "2010",
      eprint         = "1010.4038",
      archivePrefix  = "arXiv",
      primaryClass   = "quant-ph",
      SLACcitation   = "%%CITATION = ARXIV:1010.4038;%%"
}

@inproceedings{Penedones:2016voo,
      author         = "Penedones, Joao",
      title          = "{TASI lectures on AdS/CFT}",
      booktitle      = "{Proceedings, Theoretical Advanced Study Institute in
                        Elementary Particle Physics: New Frontiers in Fields and
                        Strings (TASI 2015): Boulder, CO, USA, June 1-26, 2015}",
      year           = "2017",
      url            = "https://inspirehep.net/record/1481834/files/arXiv:1608.04948.pdf",
      pages          = "75-136",
      doi            = "10.1142/9789813149441_0002",
      eprint         = "1608.04948",
      archivePrefix  = "arXiv",
      primaryClass   = "hep-th",
      SLACcitation   = "%%CITATION = ARXIV:1608.04948;%%"
}

@article{Kapec:2017gsg,
      author         = "Kapec, Daniel and Mitra, Prahar",
      title          = "{A $d$-Dimensional Stress Tensor for Mink$_{d+2}$
                        Gravity}",
      year           = "2017",
      eprint         = "1711.04371",
      archivePrefix  = "arXiv",
      primaryClass   = "hep-th",
      SLACcitation   = "%%CITATION = ARXIV:1711.04371;%%"
}

@article{Dong:2017xht,
      author         = "Dong, Xi and Lewkowycz, Aitor",
      title          = "{Entropy, Extremality, Euclidean Variations, and the
                        Equations of Motion}",
      journal        = "JHEP",
      volume         = "01",
      year           = "2018",
      pages          = "081",
      doi            = "10.1007/JHEP01(2018)081",
      eprint         = "1705.08453",
      archivePrefix  = "arXiv",
      primaryClass   = "hep-th",
      SLACcitation   = "%%CITATION = ARXIV:1705.08453;%%"
}


@article{Solodukhin:2013yha,
      author         = "Solodukhin, Sergey N.",
      title          = "{The a-theorem and entanglement entropy}",
      year           = "2013",
      eprint         = "1304.4411",
      archivePrefix  = "arXiv",
      primaryClass   = "hep-th",
      SLACcitation   = "%%CITATION = ARXIV:1304.4411;%%"
}

@article{Elvang:2012yc,
      author         = "Elvang, Henriette and Olson, Timothy M.",
      title          = "{RG flows in d dimensions, the dilaton effective action,
                        and the a-theorem}",
      journal        = "JHEP",
      volume         = "03",
      year           = "2013",
      pages          = "034",
      doi            = "10.1007/JHEP03(2013)034",
      eprint         = "1209.3424",
      archivePrefix  = "arXiv",
      primaryClass   = "hep-th",
      SLACcitation   = "%%CITATION = ARXIV:1209.3424;%%"
}

@article{Komargodski:2011xv,
      author         = "Komargodski, Zohar",
      title          = "{The Constraints of Conformal Symmetry on RG Flows}",
      journal        = "JHEP",
      volume         = "07",
      year           = "2012",
      pages          = "069",
      doi            = "10.1007/JHEP07(2012)069",
      eprint         = "1112.4538",
      archivePrefix  = "arXiv",
      primaryClass   = "hep-th",
      reportNumber   = "WIS-12-11-DEC-DPPA",
      SLACcitation   = "%%CITATION = ARXIV:1112.4538;%%"
}

@article{Luty:2012ww,
      author         = "Luty, Markus A. and Polchinski, Joseph and Rattazzi,
                        Riccardo",
      title          = "{The $a$-theorem and the Asymptotics of 4D Quantum Field
                        Theory}",
      journal        = "JHEP",
      volume         = "01",
      year           = "2013",
      pages          = "152",
      doi            = "10.1007/JHEP01(2013)152",
      eprint         = "1204.5221",
      archivePrefix  = "arXiv",
      primaryClass   = "hep-th",
      SLACcitation   = "%%CITATION = ARXIV:1204.5221;%%"
}

@article{Schwimmer:2010za,
      author         = "Schwimmer, A. and Theisen, S.",
      title          = "{Spontaneous Breaking of Conformal Invariance and Trace
                        Anomaly Matching}",
      journal        = "Nucl. Phys.",
      volume         = "B847",
      year           = "2011",
      pages          = "590-611",
      doi            = "10.1016/j.nuclphysb.2011.02.003",
      eprint         = "1011.0696",
      archivePrefix  = "arXiv",
      primaryClass   = "hep-th",
      SLACcitation   = "%%CITATION = ARXIV:1011.0696;%%"
}

@article{Verch:2004vj,
      author         = "Verch, Rainer and Werner, Reinhard F.",
      title          = "{Distillability and positivity of partial transposes in
                        general quantum field systems}",
      journal        = "Rev. Math. Phys.",
      volume         = "17",
      year           = "2005",
      pages          = "545-576",
      doi            = "10.1142/S0129055X05002364",
      eprint         = "quant-ph/0403089",
      archivePrefix  = "arXiv",
      primaryClass   = "quant-ph",
      SLACcitation   = "%%CITATION = QUANT-PH/0403089;%%"
}

@article{Elvang:2012st,
      author         = "Elvang, Henriette and Freedman, Daniel Z. and Hung,
                        Ling-Yan and Kiermaier, Michael and Myers, Robert C. and
                        Theisen, Stefan",
      title          = "{On renormalization group flows and the a-theorem in 6d}",
      journal        = "JHEP",
      volume         = "10",
      year           = "2012",
      pages          = "011",
      doi            = "10.1007/JHEP10(2012)011",
      eprint         = "1205.3994",
      archivePrefix  = "arXiv",
      primaryClass   = "hep-th",
      reportNumber   = "MCTP-12-09, MIT-CTP-4362, PUPT-2413, SU-ITP-12-14",
      SLACcitation   = "%%CITATION = ARXIV:1205.3994;%%"
}

@article{Banerjee:2011mg,
      author         = "Banerjee, Shamik",
      title          = "{Wess-Zumino Consistency Condition for Entanglement
                        Entropy}",
      journal        = "Phys. Rev. Lett.",
      volume         = "109",
      year           = "2012",
      pages          = "010402",
      doi            = "10.1103/PhysRevLett.109.010402",
      eprint         = "1109.5672",
      archivePrefix  = "arXiv",
      primaryClass   = "hep-th",
      SLACcitation   = "%%CITATION = ARXIV:1109.5672;%%"
}

@article{Banerjee:2014daa,
      author         = "Banerjee, Shamik",
      title          = "{Trace Anomaly Matching and Exact Results For
                        Entanglement Entropy}",
      year           = "2014",
      eprint         = "1405.4876",
      archivePrefix  = "arXiv",
      primaryClass   = "hep-th",
      SLACcitation   = "%%CITATION = ARXIV:1405.4876;%%"
}

@article{Herzog:2015ioa,
      author         = "Herzog, Christopher P. and Huang, Kuo-Wei and Jensen,
                        Kristan",
      title          = "{Universal Entanglement and Boundary Geometry in
                        Conformal Field Theory}",
      journal        = "JHEP",
      volume         = "01",
      year           = "2016",
      pages          = "162",
      doi            = "10.1007/JHEP01(2016)162",
      eprint         = "1510.00021",
      archivePrefix  = "arXiv",
      primaryClass   = "hep-th",
      SLACcitation   = "%%CITATION = ARXIV:1510.00021;%%"
}

@article{Wess:1971yu,
      author         = "Wess, J. and Zumino, B.",
      title          = "{Consequences of anomalous Ward identities}",
      journal        = "Phys. Lett.",
      volume         = "37B",
      year           = "1971",
      pages          = "95-97",
      doi            = "10.1016/0370-2693(71)90582-X",
      SLACcitation   = "%%CITATION = PHLTA,37B,95;%%"
}

@book{Polchinski:1998rq,
      author         = "Polchinski, J.",
      title          = "{String theory. Vol. 1: An introduction to the bosonic
                        string}",
      publisher      = "Cambridge University Press",
      year           = "2007",
      ISBN           = "9780511252273, 9780521672276, 9780521633031",
      SLACcitation   = "%%CITATION = INSPIRE-487240;%%"
}

@article{Deser:1993yx,
      author         = "Deser, Stanley and Schwimmer, A.",
      title          = "{Geometric classification of conformal anomalies in
                        arbitrary dimensions}",
      journal        = "Phys. Lett.",
      volume         = "B309",
      year           = "1993",
      pages          = "279-284",
      doi            = "10.1016/0370-2693(93)90934-A",
      eprint         = "hep-th/9302047",
      archivePrefix  = "arXiv",
      primaryClass   = "hep-th",
      reportNumber   = "BRX-343, SISSA-14-93-EP",
      SLACcitation   = "%%CITATION = HEP-TH/9302047;%%"
}



@book{Weinberg:1972kfs,
      author         = "Weinberg, Steven",
      title          = "{Gravitation and Cosmology}",
      publisher      = "John Wiley and Sons",
      address        = "New York",
      year           = "1972",
      url            = "http://www-spires.fnal.gov/spires/find/books/www?cl=QC6.W431",
      ISBN           = "0471925675, 9780471925675",
      SLACcitation   = "%%CITATION = INSPIRE-1410180;%%"
}

@article{Ryu:2006bv,
      author         = "Ryu, Shinsei and Takayanagi, Tadashi",
      title          = "{Holographic derivation of entanglement entropy from
                        AdS/CFT}",
      journal        = "Phys. Rev. Lett.",
      volume         = "96",
      year           = "2006",
      pages          = "181602",
      doi            = "10.1103/PhysRevLett.96.181602",
      eprint         = "hep-th/0603001",
      archivePrefix  = "arXiv",
      primaryClass   = "hep-th",
      reportNumber   = "NSF-KITP-06-11",
      SLACcitation   = "%%CITATION = HEP-TH/0603001;%%"
}

@article{Hubeny:2007xt,
      author         = "Hubeny, Veronika E. and Rangamani, Mukund and Takayanagi,
                        Tadashi",
      title          = "{A Covariant holographic entanglement entropy proposal}",
      journal        = "JHEP",
      volume         = "07",
      year           = "2007",
      pages          = "062",
      doi            = "10.1088/1126-6708/2007/07/062",
      eprint         = "0705.0016",
      archivePrefix  = "arXiv",
      primaryClass   = "hep-th",
      reportNumber   = "DCPT-07-13, KUNS-2069",
      SLACcitation   = "%%CITATION = ARXIV:0705.0016;%%"
}

@article{Balakrishnan:2017bjg,
      author         = "Balakrishnan, Srivatsan and Faulkner, Thomas and
                        Khandker, Zuhair U. and Wang, Huajia",
      title          = "{A General Proof of the Quantum Null Energy Condition}",
      year           = "2017",
      eprint         = "1706.09432",
      archivePrefix  = "arXiv",
      primaryClass   = "hep-th",
      SLACcitation   = "%%CITATION = ARXIV:1706.09432;%%"
}


@article{Lashkari:2017rcl,
      author         = "Lashkari, Nima",
      title          = "{Entanglement at a Scale and Renormalization Monotones}",
      year           = "2017",
      eprint         = "1704.05077",
      archivePrefix  = "arXiv",
      primaryClass   = "hep-th",
      SLACcitation   = "%%CITATION = ARXIV:1704.05077;%%"
}

@article{Neuenfeld:2018dim,
      author         = "Neuenfeld, Dominik and Saraswat, Krishan and Van
                        Raamsdonk, Mark",
      title          = "{Positive gravitational subsystem energies from CFT cone
                        relative entropies}",
      year           = "2018",
      eprint         = "1802.01585",
      archivePrefix  = "arXiv",
      primaryClass   = "hep-th",
      SLACcitation   = "%%CITATION = ARXIV:1802.01585;%%"
}

@article{Ryu:2006ef,
      author         = "Ryu, Shinsei and Takayanagi, Tadashi",
      title          = "{Aspects of Holographic Entanglement Entropy}",
      journal        = "JHEP",
      volume         = "08",
      year           = "2006",
      pages          = "045",
      doi            = "10.1088/1126-6708/2006/08/045",
      eprint         = "hep-th/0605073",
      archivePrefix  = "arXiv",
      primaryClass   = "hep-th",
      reportNumber   = "NSF-KITP-06-31, KUNS-2021",
      SLACcitation   = "%%CITATION = HEP-TH/0605073;%%"
}

@article{muller2013quantum,
  title={On quantum R{\'e}nyi entropies: A new generalization and some properties},
  author={M{\"u}ller-Lennert, Martin and Dupuis, Fr{\'e}d{\'e}ric and Szehr, Oleg and Fehr, Serge and Tomamichel, Marco},
  journal={Journal of Mathematical Physics},
  volume={54},
  number={12},
  pages={122203},
  year={2013},
  publisher={AIP}
}

@article{wilde2014strong,
  title={Strong converse for the classical capacity of entanglement-breaking and Hadamard channels via a sandwiched R{\'e}nyi relative entropy},
  author={Wilde, Mark M and Winter, Andreas and Yang, Dong},
  journal={Communications in Mathematical Physics},
  volume={331},
  number={2},
  pages={593--622},
  year={2014},
  publisher={Springer}
}

@techreport{renyi1961measures,
  title={On measures of entropy and information},
  author={R{\'e}nyi, Alfr{\'e}d},
  year={1961},
  institution={HUNGARIAN ACADEMY OF SCIENCES Budapest Hungary}
}

@article{uhlmann1976transition,
  title={The “transition probability” in the state space of a$*$-algebra},
  author={Uhlmann, Armin},
  journal={Reports on Mathematical Physics},
  volume={9},
  number={2},
  pages={273--279},
  year={1976},
  publisher={Elsevier}
}

@article{beigi2013sandwiched,
  title={Sandwiched R{\'e}nyi divergence satisfies data processing inequality},
  author={Beigi, Salman},
  journal={Journal of Mathematical Physics},
  volume={54},
  number={12},
  pages={122202},
  year={2013},
  publisher={AIP}
}

@article{Lashkari:2014yva,
      author         = "Lashkari, Nima",
      title          = "{Relative Entropies in Conformal Field Theory}",
      journal        = "Phys. Rev. Lett.",
      volume         = "113",
      year           = "2014",
      pages          = "051602",
      doi            = "10.1103/PhysRevLett.113.051602",
      eprint         = "1404.3216",
      archivePrefix  = "arXiv",
      primaryClass   = "hep-th",
      SLACcitation   = "%%CITATION = ARXIV:1404.3216;%%"
}

@article{doi:10.1063/1.4838835,
author = {Frank,Rupert L.  and Lieb,Elliott H. },
title = {Monotonicity of a Relative Renyi entropy},
journal = {Journal of Mathematical Physics},
volume = {54},
number = {12},
pages = {122201},
year = {2013},
doi = {10.1063/1.4838835},
URL = {https://doi.org/10.1063/1.4838835},
eprint = {https://doi.org/10.1063/1.4838835}   
}


@article{May:2018tir,
      author         = "May, Alex and Hijano, Eliot",
      title          = "{The holographic entropy zoo}",
      year           = "2018",
      eprint         = "1806.06077",
      archivePrefix  = "arXiv",
      primaryClass   = "hep-th",
      SLACcitation   = "%%CITATION = ARXIV:1806.06077;%%"
}

@article{Bernamonti:2018vmw,
      author         = "Bernamonti, Alice and Galli, Federico and Myers, Robert
                        C. and Oppenheim, Jonathan",
      title          = "{Holographic second laws of black hole thermodynamics}",
      year           = "2018",
      eprint         = "1803.03633",
      archivePrefix  = "arXiv",
      primaryClass   = "hep-th",
      SLACcitation   = "%%CITATION = ARXIV:1803.03633;%%"
}

@article{petz1986quasi,
  title={Quasi-entropies for finite quantum systems},
  author={Petz, D{\'e}nes},
  journal={Reports on mathematical physics},
  volume={23},
  number={1},
  pages={57--65},
  year={1986},
  publisher={Elsevier}
}

@article{Affleck:1991tk,
      author         = "Affleck, Ian and Ludwig, Andreas W. W.",
      title          = "{Universal noninteger 'ground state degeneracy' in
                        critical quantum systems}",
      journal        = "Phys. Rev. Lett.",
      volume         = "67",
      year           = "1991",
      pages          = "161-164",
      doi            = "10.1103/PhysRevLett.67.161",
      reportNumber   = "UBCTP-91-007",
      SLACcitation   = "%%CITATION = PRLTA,67,161;%%"
}

@article{Friedan:2003yc,
      author         = "Friedan, Daniel and Konechny, Anatoly",
      title          = "{On the boundary entropy of one-dimensional quantum
                        systems at low temperature}",
      journal        = "Phys. Rev. Lett.",
      volume         = "93",
      year           = "2004",
      pages          = "030402",
      doi            = "10.1103/PhysRevLett.93.030402",
      eprint         = "hep-th/0312197",
      archivePrefix  = "arXiv",
      primaryClass   = "hep-th",
      reportNumber   = "RU-NHETC-2003-39",
      SLACcitation   = "%%CITATION = HEP-TH/0312197;%%"
}

@article{anderson1967infrared,
  title={Infrared catastrophe in Fermi gases with local scattering potentials},
  author={Anderson, Philip W},
  journal={Physical Review Letters},
  volume={18},
  number={24},
  pages={1049},
  year={1967},
  publisher={APS}
}

@article{Casini:2009sr,
      author         = "Casini, H. and Huerta, M.",
      title          = "{Entanglement entropy in free quantum field theory}",
      journal        = "J. Phys.",
      volume         = "A42",
      year           = "2009",
      pages          = "504007",
      doi            = "10.1088/1751-8113/42/50/504007",
      eprint         = "0905.2562",
      archivePrefix  = "arXiv",
      primaryClass   = "hep-th",
      SLACcitation   = "%%CITATION = ARXIV:0905.2562;%%"
}

@article{RevModPhys.84.621,
  title = {Gaussian quantum information},
  author = {Weedbrook, Christian and Pirandola, Stefano and Garcia-Patron, Raul and Cerf, Nicolas J. and Ralph, Timothy C. and Shapiro, Jeffrey H. and Lloyd, Seth},
  journal = {Rev. Mod. Phys.},
  volume = {84},
  issue = {2},
  pages = {621--669},
  numpages = {0},
  year = {2012},
  month = {May},
  publisher = {American Physical Society},
  doi = {10.1103/RevModPhys.84.621},
  url = {https://link.aps.org/doi/10.1103/RevModPhys.84.621}
}



@ARTICLE{cozzini2006,
   author = {{Zanardi}, P. and {Cozzini}, M. and {Giorda}, P.},
    title = "{LETTER:  Ground state fidelity and quantum phase transitions in free Fermi systems}",
  journal = {Journal of Statistical Mechanics: Theory and Experiment},
   eprint = {quant-ph/0606130},
     year = 2007,
    month = feb,
   volume = 2,
    pages = {L02002},
      doi = {10.1088/1742-5468/2007/02/L02002},
   adsurl = {http://adsabs.harvard.edu/abs/2007JSMTE..02....2Z},
  adsnote = {Provided by the SAO/NASA Astrophysics Data System}
}

@article{banchi2015quantum,
  title={Quantum fidelity for arbitrary Gaussian states},
  author={Banchi, Leonardo and Braunstein, Samuel L and Pirandola, Stefano},
  journal={Physical review letters},
  volume={115},
  number={26},
  pages={260501},
  year={2015},
  publisher={APS}
}

@article{banchi2014quantum,
  title={Quantum information-geometry of dissipative quantum phase transitions},
  author={Banchi, Leonardo and Giorda, Paolo and Zanardi, Paolo},
  journal={Physical Review E},
  volume={89},
  number={2},
  pages={022102},
  year={2014},
  publisher={APS}
}

@ARTICLE{peschel2002,
   author = {{Peschel}, I.},
    title = "{LETTER TO THE EDITOR:  Calculation of reduced density matrices from correlation functions}",
  journal = {Journal of Physics A Mathematical General},
   eprint = {cond-mat/0212631},
     year = 2003,
    month = apr,
   volume = 36,
    pages = {L205-L208},
      doi = {10.1088/0305-4470/36/14/101},
   adsurl = {http://adsabs.harvard.edu/abs/2003JPhA...36L.205P},
  adsnote = {Provided by the SAO/NASA Astrophysics Data System}
}

@article{Srednicki:1993im,
      author         = "Srednicki, Mark",
      title          = "{Entropy and area}",
      journal        = "Phys. Rev. Lett.",
      volume         = "71",
      year           = "1993",
      pages          = "666-669",
      doi            = "10.1103/PhysRevLett.71.666",
      eprint         = "hep-th/9303048",
      archivePrefix  = "arXiv",
      primaryClass   = "hep-th",
      reportNumber   = "LBL-33754, CFPA-93-02",
      SLACcitation   = "%%CITATION = HEP-TH/9303048;%%"
}

@article{Wilson:1973jj,
      author         = "Wilson, K. G. and Kogut, John B.",
      title          = "{The Renormalization group and the epsilon expansion}",
      journal        = "Phys. Rept.",
      volume         = "12",
      year           = "1974",
      pages          = "75-200",
      doi            = "10.1016/0370-1573(74)90023-4",
      SLACcitation   = "%%CITATION = PRPLC,12,75;%%"
}

@article{Cardy:2004hm,
      author         = "Cardy, John L.",
      title          = "{Boundary conformal field theory}",
      year           = "2004",
      eprint         = "hep-th/0411189",
      archivePrefix  = "arXiv",
      primaryClass   = "hep-th",
      SLACcitation   = "%%CITATION = HEP-TH/0411189;%%"
}

@article{Holzhey:1994we,
      author         = "Holzhey, Christoph and Larsen, Finn and Wilczek, Frank",
      title          = "{Geometric and renormalized entropy in conformal field
                        theory}",
      journal        = "Nucl. Phys.",
      volume         = "B424",
      year           = "1994",
      pages          = "443-467",
      doi            = "10.1016/0550-3213(94)90402-2",
      eprint         = "hep-th/9403108",
      archivePrefix  = "arXiv",
      primaryClass   = "hep-th",
      reportNumber   = "PUPT-1454, IASSNS-HEP-93-88",
      SLACcitation   = "%%CITATION = HEP-TH/9403108;%%"
}

@article{Larsen:1994yt,
      author         = "Larsen, Finn and Wilczek, Frank",
      title          = "{Geometric entropy, wave functionals, and fermions}",
      journal        = "Annals Phys.",
      volume         = "243",
      year           = "1995",
      pages          = "280-298",
      doi            = "10.1006/aphy.1995.1100",
      eprint         = "hep-th/9408089",
      archivePrefix  = "arXiv",
      primaryClass   = "hep-th",
      reportNumber   = "PUPT-1480, IASSNS-HEP-94-51, IASSNS-94-51",
      SLACcitation   = "%%CITATION = HEP-TH/9408089;%%"
}

@ARTICLE{peschel2003,
   author = {{Peschel}, I.},
    title = "{Calculation of reduced density matrices from correlation functions}",
  journal = {Journal of Physics A Mathematical General},
   eprint = {cond-mat/0212631},
     year = 2003,
    month = apr,
   volume = 36,
    pages = {L205-L208},
      doi = {10.1088/0305-4470/36/14/101},
   adsurl = {http://adsabs.harvard.edu/abs/2003JPhA...36L.205P},
  adsnote = {Provided by the SAO/NASA Astrophysics Data System}
}

@ARTICLE{Brezin,
   author = {{Balian}, R. and {Brezin}, E.},
    title = "{Nonunitary Bogoliubov transformations and extension of Wick's theorem}",
  journal = {Nuovo Cimento B Serie},
     year = 1969,
    month = nov,
   volume = 64,
    pages = {37-55},
      doi = {10.1007/BF02710281},
   adsurl = {http://adsabs.harvard.edu/abs/1969NCimB..64...37B},
  adsnote = {Provided by the SAO/NASA Astrophysics Data System}
}

@article{Seshadreesan:2017akv,
      author         = "Seshadreesan, Kaushik P. and Lami, Ludovico and Wilde,
                        Mark M.",
      title          = "{Renyi relative entropies of quantum Gaussian states}",
      year           = "2017",
      doi            = "10.1063/1.5007167",
      eprint         = "1706.09885",
      archivePrefix  = "arXiv",
      primaryClass   = "quant-ph",
      SLACcitation   = "%%CITATION = ARXIV:1706.09885;%%"
}

@book{serafini2017quantum,
  title={Quantum Continuous Variables: A Primer of Theoretical Methods},
  author={Serafini, Alessio},
  year={2017},
  publisher={CRC Press}
}

@article{Paraoanu:1999zu,
      author         = "Paraoanu, Gh. S. and Scutaru, H.",
      title          = "{Fidelity for multimode thermal squeezed states}",
      journal        = "Phys. Rev.",
      volume         = "A61",
      year           = "2000",
      pages          = "022306",
      doi            = "10.1103/PhysRevA.61.022306",
      eprint         = "quant-ph/9907068",
      archivePrefix  = "arXiv",
      primaryClass   = "quant-ph",
      SLACcitation   = "%%CITATION = QUANT-PH/9907068;%%"
}

@article{wang2000bures,
  title={Bures fidelity for diagonalizable quadratic Hamiltonians in multi-mode systems},
  author={Wang, Xiang-Bin and Kwek, LC and Oh, CH},
  journal={Journal of Physics A: Mathematical and General},
  volume={33},
  number={27},
  pages={4925},
  year={2000},
  publisher={IOP Publishing}
}

@article{marian2012uhlmann,
  title={Uhlmann fidelity between two-mode Gaussian states},
  author={Marian, Paulina and Marian, Tudor A},
  journal={Physical Review A},
  volume={86},
  number={2},
  pages={022340},
  year={2012},
  publisher={APS}
}

@article{Berta:2018ecp,
      author         = "Berta, Mario and Scholz, Volkher B. and Tomamichel,
                        Marco",
      title          = "{Rényi Divergences as Weighted Non-commutative
                        Vector-Valued $L_p$ -Spaces}",
      journal        = "Annales Henri Poincare",
      volume         = "19",
      year           = "2018",
      number         = "6",
      pages          = "1843-1867",
      doi            = "10.1007/s00023-018-0670-x",
      eprint         = "1608.05317",
      archivePrefix  = "arXiv",
      primaryClass   = "math-ph",
      SLACcitation   = "%%CITATION = ARXIV:1608.05317;%%"
}

@article{jencova2016r,
  title={R$\backslash$'enyi relative entropies and noncommutative $ L\_p $-spaces},
  author={Jencov{\'a}, Anna},
  journal={arXiv preprint arXiv:1609.08462},
  year={2016}
}

@inproceedings{jenvcova2017renyi,
  title={R{\'e}nyi Relative Entropies and Noncommutative $$ L\_p $$-Spaces},
  author={Jen{\v{c}}ov{\'a}, Anna},
  booktitle={Annales Henri Poincar{\'e}},
  pages={1--30},
  year={2017},
  organization={Springer}
}

@Book{Nielsen,
 author = {Nielsen, Michael A. and Chuang, Isaac L.},
 title = {Quantum Computation and Quantum Information: 10th Anniversary Edition},
 year = {2011},
 isbn = {1107002176, 9781107002173},
 edition = {10th},
 publisher = {Cambridge University Press},
 address = {New York, NY, USA},
} 

@Article{Drop,
 author = {Audenaert, Koenraad M. R.},
 title = {Comparisons Between Quantum State Distinguishability Measures},
 journal = {Quantum Info. Comput.},
 issue_date = {January 2014},
 volume = {14},
 number = {1-2},
 month = jan,
 year = {2014},
 issn = {1533-7146},
 pages = {31--38},
 numpages = {8},
 url = {http://dl.acm.org/citation.cfm?id=2600498.2600500},
 acmid = {2600500},
 publisher = {Rinton Press, Incorporated},
 address = {Paramus, NJ},
 keywords = {Chernoff distance, Uhlmann fidelity, relative entropy, trace norm distance},
}

@Article{AffleckKondo,
      author         = "Affleck, Ian",
      title          = "{Conformal field theory approach to the Kondo effect}",
      booktitle      = "{Bosonization and conformal field theories in high-energy
                        and condensed matter physics. Proceedings, 35th Cracow
                        School of Theoretical Physics, Zakopane, Poland, June
                        4-14, 1995}",
      journal        = "Acta Phys. Polon.",
      volume         = "B26",
      year           = "1995",
      pages          = "1869-1932",
      eprint         = "cond-mat/9512099",
      archivePrefix  = "arXiv",
      primaryClass   = "cond-mat",
      SLACcitation   = "%%CITATION = COND-MAT/9512099;%%"
}


@Article{Hou,
author="Hou, JinChuan
and Qi, XiaoFei",
title="Fidelity of states in infinite-dimensional quantum systems",
journal="Science China Physics, Mechanics and Astronomy",
year="2012",
month="Oct",
day="01",
volume="55",
number="10",
pages="1820--1827",
abstract="We discuss the fidelity of states in the infinite-dimensional systems and give an elementary proof of the infinite-dimensional version of Uhlmann's theorem. This theorem is used to generalize several properties of the fidelity of the finite-dimensional case to the infinite-dimensional case. These are somewhat different from those for the finite-dimensional case.",
issn="1869-1927",
doi="10.1007/s11433-012-4840-4",
url="https://doi.org/10.1007/s11433-012-4840-4"
}

@Article{Aplic1,
  title = {Quantum chaos and operator fidelity metric},
  author = {Giorda, Paolo and Zanardi, Paolo},
  journal = {Phys. Rev. E},
  volume = {81},
  issue = {1},
  pages = {017203},
  numpages = {4},
  year = {2010},
  month = {Jan},
  publisher = {American Physical Society},
  doi = {10.1103/PhysRevE.81.017203},
  url = {https://link.aps.org/doi/10.1103/PhysRevE.81.017203}
}

@Article{Aplic2,
  title = {Operator fidelity susceptibility, decoherence, and quantum criticality},
  author = {Lu, Xiao-Ming and Sun, Zhe and Wang, Xiaoguang and Zanardi, Paolo},
  journal = {Phys. Rev. A},
  volume = {78},
  issue = {3},
  pages = {032309},
  numpages = {7},
  year = {2008},
  month = {Sep},
  publisher = {American Physical Society},
  doi = {10.1103/PhysRevA.78.032309},
  url = {https://link.aps.org/doi/10.1103/PhysRevA.78.032309}
}
@Article{Aplic3,
  title = {Operator fidelity susceptibility: An indicator of quantum criticality},
  author = {Wang, Xiaoguang and Sun, Zhe and Wang, Z. D.},
  journal = {Phys. Rev. A},
  volume = {79},
  issue = {1},
  pages = {012105},
  numpages = {5},
  year = {2009},
  month = {Jan},
  publisher = {American Physical Society},
  doi = {10.1103/PhysRevA.79.012105},
  url = {https://link.aps.org/doi/10.1103/PhysRevA.79.012105}
}

@Article{Anderson1,
  title = {Ground State of a Magnetic Impurity in a Metal},
  author = {Anderson, Philip W.},
  journal = {Phys. Rev.},
  volume = {164},
  issue = {2},
  pages = {352--359},
  numpages = {0},
  year = {1967},
  month = {Dec},
  publisher = {American Physical Society},
  doi = {10.1103/PhysRev.164.352},
  url = {https://link.aps.org/doi/10.1103/PhysRev.164.352}
}

@Article{Anderson2,
  title = {Infrared Catastrophe in Fermi Gases with Local Scattering Potentials},
  author = {Anderson, P. W.},
  journal = {Phys. Rev. Lett.},
  volume = {18},
  issue = {24},
  pages = {1049--1051},
  numpages = {0},
  year = {1967},
  month = {Jun},
  publisher = {American Physical Society},
  doi = {10.1103/PhysRevLett.18.1049},
  url = {https://link.aps.org/doi/10.1103/PhysRevLett.18.1049}
}

@Article{MD,
   author = {{Audenaert}, K.~M.~R.},
    title = "{Comparisons between quantum state distinguishability measures}",
  journal = {ArXiv e-prints},
archivePrefix = "arXiv",
   eprint = {1207.1197},
 primaryClass = "quant-ph",
 keywords = {Quantum Physics},
     year = 2012,
    month = jul,
   adsurl = {http://adsabs.harvard.edu/abs/2012arXiv1207.1197A},
  adsnote = {Provided by the SAO/NASA Astrophysics Data System}
}

@Article{Casini2018,
author="Casini, Horacio
and Medina, Raimel
and Landea, Ignacio Salazar
and Torroba, Gonzalo",
title="Renyi relative entropies and renormalization group flows",
journal="Journal of High Energy Physics",
year="2018",
month="Sep",
day="28",
volume="2018",
number="9",
pages="166",
abstract="Quantum Renyi relative entropies provide a one-parameter family of distances between density matrices, which generalizes the relative entropy and the fidelity. We study these measures for renormalization group flows in quantum field theory. We derive explicit expressions in free field theory based on the real time approach. Using monotonicity properties, we obtain new inequalities that need to be satisfied by consistent renormalization group trajectories in field theory. These inequalities play the role of a second law of thermodynamics, in the context of renormalization group flows. Finally, we apply these results to a tractable Kondo model, where we evaluate the Renyi relative entropies explicitly. An outcome of this is that Anderson's orthogonality catastrophe can be avoided by working on a Cauchy surface that approaches the light-cone.",
issn="1029-8479",
doi="10.1007/JHEP09(2018)166",
url="https://doi.org/10.1007/JHEP09(2018)166"
}

@article{reeh_sch,
author="H. Reeh and S. Schlieder",
title="Bemerkungen zur Unitäräquivalenz von Lorentzinvarianten Feldern",
journal="Il nuovo cimento",
year="1961",
volume="22",
pages = {1059--1068}
}

@article{Witten:2018lha,
      author         = "Witten, Edward",
      title          = "{APS Medal for Exceptional Achievement in Research:
                        Invited article on entanglement properties of quantum
                        field theory}",
      journal        = "Rev. Mod. Phys.",
      volume         = "90",
      year           = "2018",
      number         = "4",
      pages          = "045003",
      doi            = "10.1103/RevModPhys.90.045003",
      eprint         = "1803.04993",
      archivePrefix  = "arXiv",
      primaryClass   = "hep-th",
      SLACcitation   = "%%CITATION = ARXIV:1803.04993;%%"
}

@article{Hason:2017flq,
      author         = "Hason, Itamar",
      title          = "{Triviality of Entanglement Entropy in the Galilean
                        Vacuum}",
      journal        = "Phys. Lett.",
      volume         = "B780",
      year           = "2018",
      pages          = "149-151",
      doi            = "10.1016/j.physletb.2018.02.064",
      eprint         = "1708.08303",
      archivePrefix  = "arXiv",
      primaryClass   = "hep-th",
      SLACcitation   = "%%CITATION = ARXIV:1708.08303;%%"
}

@article{Headrick:2019eth,
      author         = "Headrick, Matthew",
      title          = "{Lectures on entanglement entropy in field theory and
                        holography}",
      year           = "2019",
      eprint         = "1907.08126",
      archivePrefix  = "arXiv",
      primaryClass   = "hep-th",
      reportNumber   = "BRX-TH-6653",
      SLACcitation   = "%%CITATION = ARXIV:1907.08126;%%"
}

@article{Casini:2005rm,
      author         = "Casini, H. and Fosco, C. D. and Huerta, M.",
      title          = "{Entanglement and alpha entropies for a massive Dirac
                        field in two dimensions}",
      journal        = "J. Stat. Mech.",
      volume         = "0507",
      year           = "2005",
      pages          = "P07007",
      doi            = "10.1088/1742-5468/2005/07/P07007",
      eprint         = "cond-mat/0505563",
      archivePrefix  = "arXiv",
      primaryClass   = "cond-mat",
      SLACcitation   = "%%CITATION = COND-MAT/0505563;%%"
}

@article{Casini:2013rba,
      author         = "Casini, Horacio and Huerta, Marina and Rosabal, Jose
                        Alejandro",
      title          = "{Remarks on entanglement entropy for gauge fields}",
      journal        = "Phys. Rev.",
      volume         = "D89",
      year           = "2014",
      number         = "8",
      pages          = "085012",
      doi            = "10.1103/PhysRevD.89.085012",
      eprint         = "1312.1183",
      archivePrefix  = "arXiv",
      primaryClass   = "hep-th",
      SLACcitation   = "%%CITATION = ARXIV:1312.1183;%%"
}

@book{Greiner:1996,
      author         = "Greiner, W. and Reinhardt, J.",
      title          = "{Field Quantization}",
      publisher      = "Springer-Verlag Berlin Heidelberg",
      year           = "1996",
      ISBN           = "978-3-642-61485-9",

}

@book{Tong:2007,
      author         = "Tong, D.",
      title          = "{Quantum Field Theory}",
      publisher      = "University of Cambridge. Part III. Mathematical Tripos",
      year           = "2007",

}

@book{Solis:2016,
      author         = "Solis, M.",
      title          = "{Métodos de Teoría de campos a densidad finita}",
      publisher      = "Tesis de Maestría en Ciencias Física. Instituto Balseiro",
      year           = "2016",
     
}

@book{Wightman:2016,
author         = "Streater,R. F. and Wightman, A. S.",
      title          = "{PCT. Spin and Statistics, and all that}",
      publisher      = "Princeton University Press",
      year           = "1964",
      }
    
@ARTICLE{Haag:1962,
       author = {{Haag}, R. and {Schroer}, B.},
        title = "{Postulates of Quantum Field Theory}",
      journal = {Journal of Mathematical Physics},
         year = "1962",
        month = "Mar",
       volume = {3},
       number = {2},
        pages = {248-256},
          doi = {10.1063/1.1703797},
       adsurl = {https://ui.adsabs.harvard.edu/abs/1962JMP.....3..248H},
      adsnote = {Provided by the SAO/NASA Astrophysics Data System}
}  

@article{Gaudin:1960,
title = "Une démonstration simplifiée du théorème de wick en mécanique statistique",
journal = "Nuclear Physics",
volume = "15",
pages = "89 - 91",
year = "1960",
issn = "0029-5582",
doi = "https://doi.org/10.1016/0029-5582(60)90285-6",
url = "http://www.sciencedirect.com/science/article/pii/0029558260902856",
author = "Michel Gaudin",
abstract = "Wick's theorem in statistical mechanics is proved directly by using the commutation rules."
}      
      
@article{Swingle:2014,
   title={Entanglement does not generally decrease under renormalization},
   volume={2014},
   ISSN={1742-5468},
   url={http://dx.doi.org/10.1088/1742-5468/2014/10/P10041},
   DOI={10.1088/1742-5468/2014/10/p10041},
   number={10},
   journal={Journal of Statistical Mechanics: Theory and Experiment},
   publisher={IOP Publishing},
   author={Swingle, Brian},
   year={2014},
   month={Oct},
   pages={P10041}
}

@article{Casini_2007,
   title={Ac-theorem for entanglement entropy},
   volume={40},
   ISSN={1751-8121},
   url={http://dx.doi.org/10.1088/1751-8113/40/25/S57},
   DOI={10.1088/1751-8113/40/25/s57},
   number={25},
   journal={Journal of Physics A: Mathematical and Theoretical},
   publisher={IOP Publishing},
   author={Casini, H and Huerta, M},
   year={2007},
   month={Jun},
   pages={7031–7036}
}

@article{Casini:2019qst,
      author         = "Casini, Horacio and Grillo, Sergio and Pontello, Diego",
      title          = "{Relative entropy for coherent states from Araki
                        formula}",
      journal        = "Phys. Rev.",
      volume         = "D99",
      year           = "2019",
      number         = "12",
      pages          = "125020",
      doi            = "10.1103/PhysRevD.99.125020",
      eprint         = "1903.00109",
      archivePrefix  = "arXiv",
      primaryClass   = "hep-th",
      SLACcitation   = "%%CITATION = ARXIV:1903.00109;%%"
}

@article{Casini:2019kex,
      author         = "Casini, Horacio and Huerta, Marina and Magán, Javier M.
                        and Pontello, Diego",
      title          = "{Entanglement entropy and superselection sectors I.
                        Global symmetries}",
      year           = "2019",
      eprint         = "1905.10487",
      archivePrefix  = "arXiv",
      primaryClass   = "hep-th",
      SLACcitation   = "%%CITATION = ARXIV:1905.10487;%%"
}
